
  <record>
    <leader>01000aam  22002601a 4500</leader>
    <controlfield tag="001">YPZ14805</controlfield>
    <controlfield tag="003">YPZ</controlfield>
    <controlfield tag="005">200608231052020</controlfield>
    <controlfield tag="008">060823|###########||||||b||||||||||spa|d</controlfield>
    <datafield tag="020" ind1=" " ind2=" ">
      <subfield code="a">9871125712</subfield>
    </datafield>
    <datafield tag="020" ind1=" " ind2=" ">
      <subfield code="a">9789871125715</subfield>
    </datafield>
    <datafield tag="040" ind1=" " ind2=" ">
      <subfield code="c">SIUNPA</subfield>
    </datafield>
    <datafield tag="041" ind1=" " ind2=" ">
      <subfield code="a">spa</subfield>
    </datafield>
    <datafield tag="044" ind1=" " ind2=" ">
      <subfield code="a">AR</subfield>
    </datafield>
    <datafield tag="082" ind1=" " ind2=" ">
      <subfield code="a">821.134.2.09 D331d</subfield>
    </datafield>
    <datafield tag="100" ind1=" " ind2=" ">
      <subfield code="a">Corbellini, Natalia</subfield>
    </datafield>
    <datafield tag="700" ind1=" " ind2=" ">
      <subfield code="a">Ennis, Juan Antonio</subfield>
    </datafield>
    <datafield tag="700" ind1=" " ind2=" ">
      <subfield code="a">Gerhardt, Federico</subfield>
    </datafield>
    <datafield tag="700" ind1=" " ind2=" ">
      <subfield code="a">Macciucci, Raquel</subfield>
    </datafield>
    <datafield tag="700" ind1=" " ind2=" ">
      <subfield code="a">Musci, Mónica Beatriz</subfield>
    </datafield>
    <datafield tag="700" ind1=" " ind2=" ">
      <subfield code="a">Vázquez, Facundo</subfield>
    </datafield>
    <datafield tag="700" ind1=" " ind2=" ">
      <subfield code="a">Hafter, Lea E., colaboradora</subfield>
    </datafield>
    <datafield tag="700" ind1=" " ind2=" ">
      <subfield code="a">Gerhardt, Federico, colaborador</subfield>
    </datafield>
    <datafield tag="245" ind1=" " ind2=" ">
      <subfield code="a">De la periferia al centro</subfield>
      <subfield code="b">discurso de la otredad en la narrativa española contemporánea</subfield>
      <subfield code="c">Macciucci, Raquel, comp.|Corbellini, Natalia, ed.</subfield>
    </datafield>
    <datafield tag="250" ind1=" " ind2=" ">
      <subfield code="a">1a. ed.</subfield>
    </datafield>
    <datafield tag="260" ind1=" " ind2=" ">
      <subfield code="a">La Plata</subfield>
      <subfield code="b">Al Margen</subfield>
      <subfield code="c">2006</subfield>
    </datafield>
    <datafield tag="440" ind1=" " ind2=" ">
      <subfield code="v">Estudios</subfield>
    </datafield>
    <datafield tag="942" ind1=" " ind2=" ">
      <subfield code="c">LI</subfield>
    </datafield>
    <datafield tag="952" ind1=" " ind2=" ">
      <subfield code="a">BIB_UARG</subfield>
      <subfield code="b">BIB_UARG</subfield>
      <subfield code="d">2006-08-11</subfield>
      <subfield code="y">LI</subfield>
      <subfield code="p">05-30606</subfield>
    </datafield>
  </record>