
  <record>
    <leader>01000aam  22002601a 4500</leader>
    <controlfield tag="001">YPZ14835</controlfield>
    <controlfield tag="003">YPZ</controlfield>
    <controlfield tag="005">200608311023530</controlfield>
    <controlfield tag="008">060831|###########||||||b||||||||||spa|d</controlfield>
    <datafield tag="040" ind1=" " ind2=" ">
      <subfield code="c">SIUNPA</subfield>
    </datafield>
    <datafield tag="041" ind1=" " ind2=" ">
      <subfield code="a">spa</subfield>
    </datafield>
    <datafield tag="044" ind1=" " ind2=" ">
      <subfield code="a">AR</subfield>
    </datafield>
    <datafield tag="082" ind1=" " ind2=" ">
      <subfield code="a">R316.77(036) G943g</subfield>
    </datafield>
    <datafield tag="100" ind1=" " ind2=" ">
      <subfield code="a">Vecchiarelli, Cecilia, colaboradora</subfield>
    </datafield>
    <datafield tag="700" ind1=" " ind2=" ">
      <subfield code="a">Blanco, Federico, colaborador</subfield>
    </datafield>
    <datafield tag="700" ind1=" " ind2=" ">
      <subfield code="a">Gruning, Gisella, colaboradora</subfield>
    </datafield>
    <datafield tag="700" ind1=" " ind2=" ">
      <subfield code="a">Cherkoff, Laura, colaboradora</subfield>
    </datafield>
    <datafield tag="700" ind1=" " ind2=" ">
      <subfield code="a">Gutierrez, Mónica, colaboradora</subfield>
    </datafield>
    <datafield tag="700" ind1=" " ind2=" ">
      <subfield code="a">Boulocq, Bárbara, colaboradora</subfield>
    </datafield>
    <datafield tag="700" ind1=" " ind2=" ">
      <subfield code="a">Giba, Verónica, colaboradora</subfield>
    </datafield>
    <datafield tag="110" ind1=" " ind2=" ">
      <subfield code="a"/>
    </datafield>
    <datafield tag="245" ind1=" " ind2=" ">
      <subfield code="a"/>
      <subfield code="b">Argentina y Mercosur</subfield>
    </datafield>
    <datafield tag="260" ind1=" " ind2=" ">
      <subfield code="a">Buenos Aires</subfield>
      <subfield code="b"/>
      <subfield code="b">Centro de Comunicación La Crujía</subfield>
      <subfield code="c">2000</subfield>
    </datafield>
    <datafield tag="300" ind1=" " ind2=" ">
      <subfield code="a">143 p.</subfield>
      <subfield code="a">26 h.</subfield>
      <subfield code="a">127 p.</subfield>
      <subfield code="b">il.</subfield>
      <subfield code="a">264 p.</subfield>
      <subfield code="a">238 p.</subfield>
      <subfield code="b">il.</subfield>
      <subfield code="a">191 p.</subfield>
      <subfield code="b">il.</subfield>
      <subfield code="a">291 p.</subfield>
      <subfield code="b">il.</subfield>
      <subfield code="a">273 p.</subfield>
      <subfield code="b">il.</subfield>
      <subfield code="a">101 p.</subfield>
      <subfield code="a">143 p.</subfield>
      <subfield code="b">il.</subfield>
      <subfield code="a">294 p.</subfield>
      <subfield code="b">il.</subfield>
      <subfield code="a">334 p.</subfield>
      <subfield code="b">il.</subfield>
      <subfield code="a">80 p.</subfield>
      <subfield code="b">il.</subfield>
      <subfield code="a">253 p.</subfield>
      <subfield code="a">84 p.</subfield>
      <subfield code="a">137 p.</subfield>
      <subfield code="b">il.</subfield>
      <subfield code="a">233 p.</subfield>
      <subfield code="b">il.</subfield>
      <subfield code="a">181 p.</subfield>
      <subfield code="a">xii, 347 p.</subfield>
      <subfield code="a">158 p.</subfield>
      <subfield code="b">il.</subfield>
      <subfield code="a">254 p.</subfield>
      <subfield code="b">il.</subfield>
      <subfield code="a">xi, 243 p.</subfield>
      <subfield code="a">236 p.</subfield>
      <subfield code="a">227 p.</subfield>
      <subfield code="b">il.</subfield>
      <subfield code="a">173 p.</subfield>
      <subfield code="a">323 p.</subfield>
      <subfield code="b">il.</subfield>
      <subfield code="a">387 p.</subfield>
      <subfield code="b">il.</subfield>
      <subfield code="a">380 p.</subfield>
      <subfield code="a">142 p.</subfield>
      <subfield code="a">111</subfield>
      <subfield code="a">133 p.</subfield>
      <subfield code="a">121 p.</subfield>
      <subfield code="a">253 p.</subfield>
      <subfield code="a">143 p.</subfield>
      <subfield code="a">256 p.</subfield>
      <subfield code="a">293 p.</subfield>
      <subfield code="a">293 p.</subfield>
      <subfield code="a">189 p.</subfield>
      <subfield code="b">il.</subfield>
      <subfield code="a">188 p.</subfield>
      <subfield code="a">230 p.</subfield>
      <subfield code="a">2 v.</subfield>
      <subfield code="a">348 p.</subfield>
      <subfield code="b">il.</subfield>
      <subfield code="e">1 CD-ROM en bolsillo</subfield>
    </datafield>
    <datafield tag="942" ind1=" " ind2=" ">
      <subfield code="c">LI</subfield>
    </datafield>
    <datafield tag="952" ind1=" " ind2=" ">
      <subfield code="a">BIB_UARG</subfield>
      <subfield code="b">BIB_UARG</subfield>
      <subfield code="d">2006-08-18</subfield>
      <subfield code="y">LI</subfield>
      <subfield code="p">05-30615</subfield>
    </datafield>
  </record>