
  <record>
    <leader>01000aam  22002601a 4500</leader>
    <controlfield tag="001">YPZ14845</controlfield>
    <controlfield tag="003">YPZ</controlfield>
    <controlfield tag="005">200608311816340</controlfield>
    <controlfield tag="008">060831|###########||||||b||||||||||spa|d</controlfield>
    <datafield tag="040" ind1=" " ind2=" ">
      <subfield code="c">SIUNPA</subfield>
    </datafield>
    <datafield tag="041" ind1=" " ind2=" ">
      <subfield code="a">eng</subfield>
    </datafield>
    <datafield tag="044" ind1=" " ind2=" ">
      <subfield code="a">CH</subfield>
    </datafield>
    <datafield tag="082" ind1=" " ind2=" ">
      <subfield code="a">164 C749s</subfield>
    </datafield>
    <datafield tag="110" ind1=" " ind2=" ">
      <subfield code="a">Congress and School on Universal Logic (1 : 2005 : Montreux)</subfield>
    </datafield>
    <datafield tag="245" ind1=" " ind2=" ">
      <subfield code="a">Handbook of the First World Congress and School on Universal Logic</subfield>
      <subfield code="b">UNILOG' 05</subfield>
      <subfield code="c">Beziau, Jean-Yves, ed.|Costa-Leite, Alexandre, ed.</subfield>
    </datafield>
    <datafield tag="260" ind1=" " ind2=" ">
      <subfield code="a">Montreux</subfield>
      <subfield code="b">UNILOG</subfield>
      <subfield code="c">2005</subfield>
    </datafield>
    <datafield tag="942" ind1=" " ind2=" ">
      <subfield code="c">LI</subfield>
    </datafield>
    <datafield tag="952" ind1=" " ind2=" ">
      <subfield code="a">BIB_UACO</subfield>
      <subfield code="b">BIB_UACO</subfield>
      <subfield code="d">2006-08-07</subfield>
      <subfield code="y">LI</subfield>
      <subfield code="p">02-30591</subfield>
    </datafield>
  </record>