
  <record>
    <leader>01000aam  22002601a 4500</leader>
    <controlfield tag="001">YPZ15544</controlfield>
    <controlfield tag="003">YPZ</controlfield>
    <controlfield tag="005">200610111355500</controlfield>
    <controlfield tag="008">061011|###########||||||b||||||||||spa|d</controlfield>
    <datafield tag="020" ind1=" " ind2=" ">
      <subfield code="a">8475092543</subfield>
    </datafield>
    <datafield tag="040" ind1=" " ind2=" ">
      <subfield code="c">SIUNPA</subfield>
    </datafield>
    <datafield tag="044" ind1=" " ind2=" ">
      <subfield code="a">ES</subfield>
    </datafield>
    <datafield tag="082" ind1=" " ind2=" ">
      <subfield code="a">159.922.7 BER</subfield>
    </datafield>
    <datafield tag="100" ind1=" " ind2=" ">
      <subfield code="a">Berkowitz P.H.</subfield>
    </datafield>
    <datafield tag="245" ind1=" " ind2=" ">
      <subfield code="a">El niño problema, Diagnostico y tratamiento psicoeducaional en el aula</subfield>
      <subfield code="b">Diagnostico y tratamiento psicoeducaional en el aula</subfield>
    </datafield>
    <datafield tag="250" ind1=" " ind2=" ">
      <subfield code="a">1a ed.</subfield>
    </datafield>
    <datafield tag="260" ind1=" " ind2=" ">
      <subfield code="a">Barcelona</subfield>
      <subfield code="b">Paidós</subfield>
      <subfield code="c">1984</subfield>
    </datafield>
    <datafield tag="942" ind1=" " ind2=" ">
      <subfield code="c">LI</subfield>
    </datafield>
    <datafield tag="952" ind1=" " ind2=" ">
      <subfield code="a">BIB_UASJ</subfield>
      <subfield code="b">BIB_UASJ</subfield>
      <subfield code="d">2006-10-12</subfield>
      <subfield code="y">LI</subfield>
      <subfield code="p">04-00045</subfield>
    </datafield>
  </record>