
  <record>
    <leader>01000aam  22002601a 4500</leader>
    <controlfield tag="001">YPZ15553</controlfield>
    <controlfield tag="003">YPZ</controlfield>
    <controlfield tag="005">200610111355500</controlfield>
    <controlfield tag="008">061011|###########||||||b||||||||||spa|d</controlfield>
    <datafield tag="020" ind1=" " ind2=" ">
      <subfield code="a">847112307X</subfield>
    </datafield>
    <datafield tag="040" ind1=" " ind2=" ">
      <subfield code="c">SIUNPA</subfield>
    </datafield>
    <datafield tag="044" ind1=" " ind2=" ">
      <subfield code="a">ES</subfield>
    </datafield>
    <datafield tag="082" ind1=" " ind2=" ">
      <subfield code="a">159.9 FOD</subfield>
    </datafield>
    <datafield tag="100" ind1=" " ind2=" ">
      <subfield code="a">Fodor J.A.</subfield>
    </datafield>
    <datafield tag="245" ind1=" " ind2=" ">
      <subfield code="a">La modularidad de la mente, Un ensayo sobre la psicologia de las facultades</subfield>
      <subfield code="b">Un ensayo sobre la psicologia de las facultades</subfield>
    </datafield>
    <datafield tag="250" ind1=" " ind2=" ">
      <subfield code="a">1a ed.</subfield>
    </datafield>
    <datafield tag="260" ind1=" " ind2=" ">
      <subfield code="a">Madrid</subfield>
      <subfield code="b">Morata</subfield>
      <subfield code="c">1986</subfield>
    </datafield>
    <datafield tag="942" ind1=" " ind2=" ">
      <subfield code="c">LI</subfield>
    </datafield>
    <datafield tag="952" ind1=" " ind2=" ">
      <subfield code="a">BIB_UASJ</subfield>
      <subfield code="b">BIB_UASJ</subfield>
      <subfield code="d">2006-10-12</subfield>
      <subfield code="y">LI</subfield>
      <subfield code="p">04-00056</subfield>
    </datafield>
  </record>