
  <record>
    <leader>01000aam  22002601a 4500</leader>
    <controlfield tag="001">YPZ16324</controlfield>
    <controlfield tag="003">YPZ</controlfield>
    <controlfield tag="005">200610111355510</controlfield>
    <controlfield tag="008">061011|###########||||||b||||||||||spa|d</controlfield>
    <datafield tag="020" ind1=" " ind2=" ">
      <subfield code="a">9505530102</subfield>
    </datafield>
    <datafield tag="040" ind1=" " ind2=" ">
      <subfield code="c">SIUNPA</subfield>
    </datafield>
    <datafield tag="082" ind1=" " ind2=" ">
      <subfield code="a">536.7 G216t5</subfield>
    </datafield>
    <datafield tag="100" ind1=" " ind2=" ">
      <subfield code="a">García, Carlos A.</subfield>
    </datafield>
    <datafield tag="245" ind1=" " ind2=" ">
      <subfield code="a">Termodinámica técnica</subfield>
    </datafield>
    <datafield tag="250" ind1=" " ind2=" ">
      <subfield code="a">5a ed. aum. y corr.</subfield>
    </datafield>
    <datafield tag="260" ind1=" " ind2=" ">
      <subfield code="a">Buenos Aires</subfield>
      <subfield code="b">Alsina</subfield>
      <subfield code="c">1996</subfield>
    </datafield>
    <datafield tag="942" ind1=" " ind2=" ">
      <subfield code="c">LI</subfield>
    </datafield>
    <datafield tag="952" ind1=" " ind2=" ">
      <subfield code="a">BIB_UACO</subfield>
      <subfield code="b">BIB_UACO</subfield>
      <subfield code="d">2006-12-07</subfield>
      <subfield code="y">LI</subfield>
      <subfield code="p">02-04524</subfield>
    </datafield>
    <datafield tag="952" ind1=" " ind2=" ">
      <subfield code="a">BIB_UASJ</subfield>
      <subfield code="b">BIB_UASJ</subfield>
      <subfield code="d">2006-10-12</subfield>
      <subfield code="y">LI</subfield>
      <subfield code="p">04-01348</subfield>
    </datafield>
  </record>