
  <record>
    <leader>01000aam  22002601a 4500</leader>
    <controlfield tag="001">YPZ16371</controlfield>
    <controlfield tag="003">YPZ</controlfield>
    <controlfield tag="005">200610111355510</controlfield>
    <controlfield tag="008">061011|###########||||||b||||||||||spa|d</controlfield>
    <datafield tag="020" ind1=" " ind2=" ">
      <subfield code="a">9684960549</subfield>
    </datafield>
    <datafield tag="040" ind1=" " ind2=" ">
      <subfield code="c">SIUNPA</subfield>
    </datafield>
    <datafield tag="082" ind1=" " ind2=" ">
      <subfield code="a">37(725)(09) GAL</subfield>
    </datafield>
    <datafield tag="100" ind1=" " ind2=" ">
      <subfield code="a">Galván Terrazas Luz Elena</subfield>
    </datafield>
    <datafield tag="245" ind1=" " ind2=" ">
      <subfield code="a">Los maestros y la educación pública en México, Un estudio histórico</subfield>
      <subfield code="b">Un estudio histórico</subfield>
    </datafield>
    <datafield tag="260" ind1=" " ind2=" ">
      <subfield code="a">Tlalpan</subfield>
      <subfield code="b">Centro de Investigaciones y Estudios Superiores en antropología social</subfield>
      <subfield code="c">1985</subfield>
    </datafield>
    <datafield tag="440" ind1=" " ind2=" ">
      <subfield code="a">Ecorama, 7</subfield>
      <subfield code="a">Monografías</subfield>
      <subfield code="a">Colección respuestas educativas</subfield>
      <subfield code="a">Investigaciones</subfield>
      <subfield code="a">Política, servicios y trabajo social</subfield>
      <subfield code="a">McGraw-Hill de Management</subfield>
      <subfield code="a">Ariel Educación</subfield>
      <subfield code="a">Colección Vitral</subfield>
      <subfield code="a">Repensar la educación, nº 6</subfield>
      <subfield code="a">Biblioteca de sociología</subfield>
      <subfield code="a">Biblioteca de pedagogía</subfield>
      <subfield code="a">Geotecnia</subfield>
      <subfield code="a">Seinor, Nº 9</subfield>
      <subfield code="a">Colecao Estudos CDAPH. Serie Historiografia</subfield>
      <subfield code="a">Perfiles nº 7</subfield>
      <subfield code="a">Miguel Othón de Mendizábal</subfield>
      <subfield code="v">1</subfield>
    </datafield>
    <datafield tag="440" ind1=" " ind2=" ">
      <subfield code="v">1</subfield>
    </datafield>
    <datafield tag="942" ind1=" " ind2=" ">
      <subfield code="c">LI</subfield>
    </datafield>
    <datafield tag="952" ind1=" " ind2=" ">
      <subfield code="a">BIB_UASJ</subfield>
      <subfield code="b">BIB_UASJ</subfield>
      <subfield code="d">2006-10-12</subfield>
      <subfield code="y">LI</subfield>
      <subfield code="p">04-01444</subfield>
    </datafield>
  </record>