
  <record>
    <leader>01000aam  22002601a 4500</leader>
    <controlfield tag="001">YPZ16503</controlfield>
    <controlfield tag="003">YPZ</controlfield>
    <controlfield tag="005">200610111355520</controlfield>
    <controlfield tag="008">061011|###########||||||b||||||||||spa|d</controlfield>
    <datafield tag="020" ind1=" " ind2=" ">
      <subfield code="a">286906120X</subfield>
    </datafield>
    <datafield tag="022" ind1=" " ind2=" ">
      <subfield code="a">01833731</subfield>
    </datafield>
    <datafield tag="040" ind1=" " ind2=" ">
      <subfield code="c">SIUNPA</subfield>
    </datafield>
    <datafield tag="041" ind1=" " ind2=" ">
      <subfield code="a">fre</subfield>
      <subfield code="a">spa</subfield>
    </datafield>
    <datafield tag="044" ind1=" " ind2=" ">
      <subfield code="a">FR</subfield>
    </datafield>
    <datafield tag="082" ind1=" " ind2=" ">
      <subfield code="a">378(091) C714u2</subfield>
    </datafield>
    <datafield tag="110" ind1=" " ind2=" ">
      <subfield code="a">Colloque L'Université en Espagne et en Amérique Latine du Moyen Age a nos Jours (2 : Tours : 1992)</subfield>
    </datafield>
    <datafield tag="710" ind1=" " ind2=" ">
      <subfield code="a">Centre Interuniversitaire de Recherche sur l'Education et la Culture dans le Monde Ibérique et Ibéro-Américain, org.</subfield>
    </datafield>
    <datafield tag="245" ind1=" " ind2=" ">
      <subfield code="a">L'Université en Espagne et en Amérique Latine du moyen age a nos jours</subfield>
      <subfield code="b">II. Enjeux, contenus, images</subfield>
      <subfield code="c">Guereña, Jean-Louis, ed. e introd.|Fell, Ève-Marie, ed. e introd.</subfield>
    </datafield>
    <datafield tag="260" ind1=" " ind2=" ">
      <subfield code="a">Tours</subfield>
      <subfield code="b">Université de Tours</subfield>
      <subfield code="c">1998</subfield>
    </datafield>
    <datafield tag="440" ind1=" " ind2=" ">
      <subfield code="a">Série études hispaniques</subfield>
      <subfield code="v">13-14</subfield>
    </datafield>
    <datafield tag="500" ind1=" " ind2=" ">
      <subfield code="a">Otro subt.: Actes du colloque de Tours, 10-12 avril 1992</subfield>
    </datafield>
    <datafield tag="942" ind1=" " ind2=" ">
      <subfield code="c">LI</subfield>
    </datafield>
    <datafield tag="952" ind1=" " ind2=" ">
      <subfield code="a">BIB_UASJ</subfield>
      <subfield code="b">BIB_UASJ</subfield>
      <subfield code="d">2006-10-18</subfield>
      <subfield code="y">LI</subfield>
      <subfield code="p">04-31044</subfield>
    </datafield>
  </record>