
  <record>
    <leader>01000aam  22002601a 4500</leader>
    <controlfield tag="001">YPZ16937</controlfield>
    <controlfield tag="003">YPZ</controlfield>
    <controlfield tag="005">200611201056280</controlfield>
    <controlfield tag="008">061120|###########||||||b||||||||||spa|d</controlfield>
    <datafield tag="020" ind1=" " ind2=" ">
      <subfield code="a">9505083998</subfield>
    </datafield>
    <datafield tag="040" ind1=" " ind2=" ">
      <subfield code="c">SIUNPA</subfield>
    </datafield>
    <datafield tag="041" ind1=" " ind2=" ">
      <subfield code="a">spa</subfield>
    </datafield>
    <datafield tag="044" ind1=" " ind2=" ">
      <subfield code="a">AR</subfield>
    </datafield>
    <datafield tag="082" ind1=" " ind2=" ">
      <subfield code="a">347.741 F225c2</subfield>
    </datafield>
    <datafield tag="100" ind1=" " ind2=" ">
      <subfield code="a">Farina, Juan M.</subfield>
    </datafield>
    <datafield tag="245" ind1=" " ind2=" ">
      <subfield code="a">Contratos comerciales modernos</subfield>
      <subfield code="b">modalidades de contratación empresaria</subfield>
    </datafield>
    <datafield tag="250" ind1=" " ind2=" ">
      <subfield code="a">2a ed. actualizada y amp.</subfield>
    </datafield>
    <datafield tag="260" ind1=" " ind2=" ">
      <subfield code="a">Buenos Aires</subfield>
      <subfield code="b">Astrea</subfield>
      <subfield code="c">1997</subfield>
    </datafield>
    <datafield tag="942" ind1=" " ind2=" ">
      <subfield code="c">LI</subfield>
    </datafield>
    <datafield tag="952" ind1=" " ind2=" ">
      <subfield code="a">BIB_UART</subfield>
      <subfield code="b">BIB_UART</subfield>
      <subfield code="d">2006-11-20</subfield>
      <subfield code="y">LI</subfield>
      <subfield code="p">03-00786</subfield>
    </datafield>
    <datafield tag="952" ind1=" " ind2=" ">
      <subfield code="a">BIB_UART</subfield>
      <subfield code="b">BIB_UART</subfield>
      <subfield code="d">2006-11-20</subfield>
      <subfield code="y">LI</subfield>
      <subfield code="p">03-00787</subfield>
    </datafield>
  </record>