
  <record>
    <leader>01000aam  22002601a 4500</leader>
    <controlfield tag="001">YPZ16988</controlfield>
    <controlfield tag="003">YPZ</controlfield>
    <controlfield tag="005">200611201056280</controlfield>
    <controlfield tag="008">061120|###########||||||b||||||||||spa|d</controlfield>
    <datafield tag="020" ind1=" " ind2=" ">
      <subfield code="a">968880861X</subfield>
    </datafield>
    <datafield tag="040" ind1=" " ind2=" ">
      <subfield code="c">SIUNPA</subfield>
    </datafield>
    <datafield tag="041" ind1=" " ind2=" ">
      <subfield code="a">spa</subfield>
    </datafield>
    <datafield tag="044" ind1=" " ind2=" ">
      <subfield code="a">MX</subfield>
    </datafield>
    <datafield tag="082" ind1=" " ind2=" ">
      <subfield code="a">E2/5</subfield>
    </datafield>
    <datafield tag="100" ind1=" " ind2=" ">
      <subfield code="a">Griffin, Ricky W.</subfield>
    </datafield>
    <datafield tag="700" ind1=" " ind2=" ">
      <subfield code="a">Ebert, Ronald J.</subfield>
    </datafield>
    <datafield tag="245" ind1=" " ind2=" ">
      <subfield code="a">Negocios</subfield>
      <subfield code="b">cuarta edición</subfield>
      <subfield code="c">Deras Quiñones, Adolfo, tr.|Ortiz Staines, Manuel, tr.|Palafox de Anda, Gustavo, rev. Técnica</subfield>
    </datafield>
    <datafield tag="250" ind1=" " ind2=" ">
      <subfield code="a">1a ed. En español</subfield>
    </datafield>
    <datafield tag="260" ind1=" " ind2=" ">
      <subfield code="a">Naucalpan de Juárez</subfield>
      <subfield code="b">Prentice Hall</subfield>
      <subfield code="c">1997</subfield>
    </datafield>
    <datafield tag="942" ind1=" " ind2=" ">
      <subfield code="c">LI</subfield>
    </datafield>
    <datafield tag="952" ind1=" " ind2=" ">
      <subfield code="a">BIB_UART</subfield>
      <subfield code="b">BIB_UART</subfield>
      <subfield code="d">2006-11-20</subfield>
      <subfield code="y">LI</subfield>
      <subfield code="p">03-00923</subfield>
    </datafield>
  </record>