
  <record>
    <leader>01000aam  22002601a 4500</leader>
    <controlfield tag="001">YPZ17091</controlfield>
    <controlfield tag="003">YPZ</controlfield>
    <controlfield tag="005">200611201056280</controlfield>
    <controlfield tag="008">061120|###########||||||b||||||||||spa|d</controlfield>
    <datafield tag="020" ind1=" " ind2=" ">
      <subfield code="a">9581813278</subfield>
    </datafield>
    <datafield tag="040" ind1=" " ind2=" ">
      <subfield code="c">SIUNPA</subfield>
    </datafield>
    <datafield tag="041" ind1=" " ind2=" ">
      <subfield code="a">spa</subfield>
    </datafield>
    <datafield tag="044" ind1=" " ind2=" ">
      <subfield code="a">MX</subfield>
    </datafield>
    <datafield tag="082" ind1=" " ind2=" ">
      <subfield code="a">E2/3</subfield>
    </datafield>
    <datafield tag="100" ind1=" " ind2=" ">
      <subfield code="a">Coss Bu, Raúl</subfield>
    </datafield>
    <datafield tag="245" ind1=" " ind2=" ">
      <subfield code="a">Análisis y evaluación de proyectos de inversión</subfield>
    </datafield>
    <datafield tag="250" ind1=" " ind2=" ">
      <subfield code="a">2a ed., 16a reimpr.</subfield>
    </datafield>
    <datafield tag="260" ind1=" " ind2=" ">
      <subfield code="a">México, D.F.</subfield>
      <subfield code="b">Limusa</subfield>
      <subfield code="c">1999</subfield>
    </datafield>
    <datafield tag="942" ind1=" " ind2=" ">
      <subfield code="c">LI</subfield>
    </datafield>
    <datafield tag="952" ind1=" " ind2=" ">
      <subfield code="a">BIB_UART</subfield>
      <subfield code="b">BIB_UART</subfield>
      <subfield code="d">2006-11-20</subfield>
      <subfield code="y">LI</subfield>
      <subfield code="p">03-01130</subfield>
    </datafield>
    <datafield tag="952" ind1=" " ind2=" ">
      <subfield code="a">BIB_UART</subfield>
      <subfield code="b">BIB_UART</subfield>
      <subfield code="d">2006-11-20</subfield>
      <subfield code="y">LI</subfield>
      <subfield code="p">03-01131</subfield>
    </datafield>
  </record>